@article{schmidt2006model,
  title={Model-driven engineering},
  author={Schmidt, Douglas C},
  journal={COMPUTER-IEEE COMPUTER SOCIETY-},
  volume={39},
  number={2},
  pages={25},
  year={2006},
  publisher={IEEE INSTITUTE OF ELECTRICAL AND ELECTRONICS}
}

@article{sendall2003model,
  title={Model transformation: The heart and soul of model-driven software development},
  author={Sendall, Shane and Kozaczynski, Wojtek},
  journal={IEEE software},
  volume={20},
  number={5},
  pages={42--45},
  year={2003},
  publisher={IEEE}
}

@article{eaddy2008crosscutting,
  title={Do crosscutting concerns cause defects?},
  author={Eaddy, Marc and Zimmermann, Thomas and Sherwood, Kaitlin D and Garg, Vibhav and Murphy, Gail C and Nagappan, Nachiappan and Aho, Alfred V},
  journal={IEEE transactions on Software Engineering},
  volume={34},
  number={4},
  pages={497--515},
  year={2008},
  publisher={IEEE}
}

@inproceedings{france2012repository,
  title={Repository for model driven development (ReMoDD)},
  author={France, Robert B and Bieman, James M and Mandalaparty, Sai Pradeep and Cheng, Betty HC and Jensen, Adam C},
  booktitle={Proceedings of the 34th International Conference on Software Engineering},
  pages={1471--1472},
  year={2012},
  organization={IEEE Press}
}

@inproceedings{alam2013concern,
  title={Concern-oriented software design},
  author={Alam, Omar and Kienzle, J{\"o}rg and Mussbacher, Gunter},
  booktitle={International Conference on Model Driven Engineering Languages and Systems},
  pages={604--621},
  year={2013},
  organization={Springer}
}

@book{dijkstra1976discipline,
  title={A discipline of programming},
  author={Dijkstra, Edsger Wybe and Dijkstra, Edsger Wybe and Dijkstra, Edsger Wybe and Informaticien, Etats-Unis and Dijkstra, Edsger Wybe},
  volume={1},
  year={1976},
  publisher={prentice-hall Englewood Cliffs}
}

@book{pohl2005software,
  title={Software product line engineering: foundations, principles and techniques},
  author={Pohl, Klaus and B{\"o}ckle, G{\"u}nter and van Der Linden, Frank J},
  year={2005},
  publisher={Springer Science \& Business Media}
}

@article{kienzle2010aspect,
  title={Aspect-oriented design with reusable aspect models},
  author={Kienzle, J{\"o}rg and Al Abed, Wisam and Fleurey, Franck and J{\'e}z{\'e}quel, Jean-Marc and Klein, Jacques},
  journal={Transactions on aspect-oriented software development VII},
  pages={272--320},
  year={2010},
  publisher={Springer}
}

@inproceedings{amyot2002urn,
  title={URN: Towards a new standard for the visual description of requirements},
  author={Amyot, Daniel and Mussbacher, Gunter},
  booktitle={International Workshop on System Analysis and Modeling},
  pages={21--37},
  year={2002},
  organization={Springer}
}

@inproceedings{rashid2002early,
  title={Early aspects: A model for aspect-oriented requirements engineering},
  author={Rashid, Awais and Sawyer, Peter and Moreira, Ana and Ara{\'u}jo, Jo{\~a}o},
  booktitle={Requirements Engineering, 2002. Proceedings. IEEE Joint International Conference on},
  pages={199--202},
  year={2002},
  organization={IEEE}
}

@article{amyot2011user,
  title={User requirements notation: the first ten years, the next ten years},
  author={Amyot, Daniel and Mussbacher, Gunter},
  journal={JSW},
  volume={6},
  number={5},
  pages={747--768},
  year={2011}
}

@article{amyot2000extension,
  title={On the extension of UML with use case maps concepts},
  author={Amyot, Daniel and Mussbacher, Gunter},
  journal={{\guillemotleft}UML{\guillemotright} 2000â€”The Unified Modeling Language},
  pages={16--31},
  year={2000},
  publisher={Springer}
}

@inproceedings{amyot2001bridging,
  title={Bridging the requirements/design gap in dynamic systems with use case maps (UCMs)},
  author={Amyot, Daniel and Mussbacher, Gunter},
  booktitle={Proceedings of the 23rd International Conference on Software Engineering},
  pages={743--744},
  year={2001},
  organization={IEEE Computer Society}
}

@inproceedings{mussbacher2009modeling,
  title={Modeling and Analysis of URN Goals and Scenarios with jUCMNav},
  author={Mussbacher, Gunter and Ghanavati, Sepideh and Amyot, Daniel},
  booktitle={Requirements Engineering Conference, 2009. RE'09. 17th IEEE International},
  pages={383--384},
  year={2009},
  organization={IEEE}
}

@inproceedings{mussbacher2009goal,
  title={Goal and scenario modeling, analysis, and transformation with jUCMNav},
  author={Mussbacher, Gunter and Amyot, Daniel},
  booktitle={Software Engineering-Companion Volume, 2009. ICSE-Companion 2009. 31st International Conference on},
  pages={431--432},
  year={2009},
  organization={IEEE}
}

@inproceedings{amyot2012concern,
  title={Concern-driven development with jUCMNav},
  author={Amyot, Daniel and Leblanc, St{\'e}phane and Kealey, Jason and Kienzle, J{\"o}rg},
  booktitle={Requirements Engineering Conference (RE), 2012 20th IEEE International},
  pages={319--320},
  year={2012},
  organization={IEEE}
}

@inproceedings{thimmegowda2014concern,
  title={Concern-Driven Software Development with jUCMNav and TouchRAM.},
  author={Thimmegowda, Nishanth and Alam, Omar and Sch{\"o}ttle, Matthias and Al Abed, Wisam and Di'Meco, Thomas and Martellotto, Laura and Mussbacher, Gunter and Kienzle, J{\"o}rg},
  booktitle={Demos@ MoDELS},
  year={2014}
}

@book{steinberg2008emf,
  title={EMF: eclipse modeling framework},
  author={Steinberg, Dave and Budinsky, Frank and Merks, Ed and Paternostro, Marcelo},
  year={2008},
  publisher={Pearson Education}
}

@article{laufs2010mt4j,
  title={Mt4j-a cross-platform multi-touch development framework},
  author={Laufs, Uwe and Ruff, Christopher and Zibuschka, Jan},
  journal={arXiv preprint arXiv:1012.0467},
  year={2010}
}

@article{itu2012151,
  title={151 User requirements notation (URN)--Language definition},
  author={ITU-T, Z},
  journal={ITU-T, Oct},
  year={2012}
}

@incollection{mussbacher2007visualizing,
  title={Visualizing early aspects with use case maps},
  author={Mussbacher, Gunter and Amyot, Daniel and Weiss, Michael},
  booktitle={Transactions on aspect-oriented software development III},
  pages={105--143},
  year={2007},
  publisher={Springer}
}

@inproceedings{mussbacher2006visualizing,
  title={Visualizing aspect-oriented requirements scenarios with use case maps},
  author={Mussbacher, Gunter and Amyot, Daniel and Weiss, Michael},
  booktitle={Requirements Engineering Visualization, 2006. REV'06. First International Workshop on},
  pages={4--4},
  year={2006},
  organization={IEEE}
}

@incollection{mussbacher2010requirements,
  title={Requirements modeling with the aspect-oriented user requirements notation (AoURN): a case study},
  author={Mussbacher, Gunter and Amyot, Daniel and Ara{\'u}jo, Jo{\~a}o and Moreira, Ana},
  booktitle={Transactions on aspect-oriented software development VII},
  pages={23--68},
  year={2010},
  publisher={Springer}
}

@inproceedings{mussbacher2007aspect,
  title={Aspect-Oriented User Requirements Notation: Aspects in Goal and Scenario Models},
  author={Mussbacher, Gunter},
  booktitle={International Conference on Model Driven Engineering Languages and Systems},
  pages={305--316},
  year={2007},
  organization={Springer}
}

@article{mussbacher2007flexible,
  title={Flexible and expressive composition rules with aspect-oriented use case maps (AoUCM)},
  author={Mussbacher, Gunter and Amyot, Daniel and Whittle, Jon and Weiss, Michael},
  journal={Lecture Notes in Computer Science},
  volume={4765},
  pages={19--38},
  year={2007},
  publisher={Springer}
}

@inproceedings{mosser2011aspect,
  title={From aspect-oriented requirements models to aspect-oriented business process design models: an iterative and concern-driven approach for software engineering},
  author={Mosser, S{\'e}bastien and Mussbacher, Gunter and Blay-Fornarino, Mireille and Amyot, Daniel},
  booktitle={Proceedings of the tenth international conference on Aspect-oriented software development},
  pages={31--42},
  year={2011},
  organization={ACM}
}

@inproceedings{amyot2002understanding,
  title={Understanding existing software with use case map scenarios},
  author={Amyot, Daniel and Mansurov, Nikolai and Mussbacher, Gunter},
  booktitle={International Workshop on System Analysis and Modeling},
  pages={124--140},
  year={2002},
  organization={Springer}
}

@inproceedings{mussbacher2001collection,
  title={A collection of patterns for Use Case Maps},
  author={Mussbacher, Gunter and Amyot, Daniel},
  booktitle={First Latin American Conference on Pattern Languages of Programming (SugarLoafPLoP 2001)},
  year={2001}
}

@article{mussbacher2007formalizing,
  title={Formalizing Patterns with the User Requirements Notation},
  author={Mussbacher, Gunter and Amyot, Daniel and Weiss, Michael},
  journal={Design Pattern Formalization Techniques},
  pages={304--325},
  year={2007},
  publisher={Igi Global}
}

@inproceedings{mussbacher2008assessing,
  title={Assessing the applicability of use case maps for business process and workflow description},
  author={Mussbacher, Gunter and Amyot, Daniel},
  booktitle={e-Technologies, 2008 International MCETECH Conference on},
  pages={219--222},
  year={2008},
  organization={IEEE}
}

@inproceedings{mussbacher2007evolving,
  title={Evolving Use Case Maps as a Scenario and Workflow Description Language.},
  author={Mussbacher, Gunter},
  booktitle={WER},
  pages={56--67},
  year={2007}
}

@phdthesis{mussbacher2011aspect,
  title={Aspect-oriented user requirements notation},
  author={Mussbacher, Gunter},
  year={2011},
  school={University of Ottawa (Canada)}
}

@book{buhr1995use,
  title={Use case maps for object-oriented systems},
  author={Buhr, Ray JA and Casselman, Ron S},
  year={1995},
  publisher={Prentice-Hall, Inc.}
}

@article{al2012touchram,
  title={TouchRAM: A Multitouch-Enabled Tool for Aspect-Oriented Software Design.},
  author={Al Abed, Wisam and Bonnet, Valentin and Sch{\"o}ttle, Matthias and Yildirim, Engin and Alam, Omar and Kienzle, J{\"o}rg},
  journal={SLE},
  volume={2012},
  pages={275--285},
  year={2012},
  publisher={Springer}
}

@inproceedings{schottle2014touchram,
  title={TouchRAM: a multitouch-enabled software design tool supporting concern-oriented reuse},
  author={Sch{\"o}ttle, Matthias and Alam, Omar and Garcia, Franz-Philippe and Mussbacher, Gunter and Kienzle, J{\"o}rg},
  booktitle={Proceedings of the companion publication of the 13th international conference on Modularity},
  pages={25--28},
  year={2014},
  organization={ACM}
}

@misc{sel2015touchcore,
  title={TouchCORE},
  month={Jan},
  year={2018},
  note={URL: http://touchcore.cs.mcgill.ca/}
}

@unpublished{w3c2015web,
  title={Web payments use cases 1.0},
  author={Jacobs, Ian and Sporny, Manu and Sun, Qian and Vignet, Cyril and Ezell, David and Jackson, David},
  note={W3C Working Draft 30 July 2015. URL: https://www.w3.org/TR/web-payments-use-cases/}
}

@article{van2003workflow,
  title={Workflow patterns},
  author={van Der Aalst, Wil MP and Ter Hofstede, Arthur HM and Kiepuszewski, Bartek and Barros, Alistair P},
  journal={Distributed and parallel databases},
  volume={14},
  number={1},
  pages={5--51},
  year={2003},
  publisher={Springer}
}
